@article{Example,
    author = {Person, A.},
    day = {01},
    title = {{Example Title}},
    year = {2014}
}
